%%Survey papers:

@article{10.1109/TPAMI.2014.2316828,
author = {Yulan Guo and et al},
title = {{3D} Object Recognition in Cluttered Scenes with Local Surface Features: A Survey},
journal ={IEEE Transactions on Pattern Analysis and Machine Intelligence},
volume = {99},
number = {PrePrints},
issn = {0162-8828},
year = {2014},
pages = {1},
doi = {http://doi.ieeecomputersociety.org/10.1109/TPAMI.2014.2316828},
publisher = {IEEE Computer Society},
address = {Los Alamitos, CA, USA},
}

@inproceedings{Ta:2009:ODV:1578021.1578634,
 author = {Ta, Anh-Phuong and et al},
 title = {{3D} Object Detection and Viewpoint Selection in Sketch Images Using Local Patch-Based {Z}ernike Moments},
 booktitle = {Proceedings of the 2009 Seventh International Workshop on Content-Based Multimedia Indexing},
 year = {2009},
 isbn = {978-0-7695-3662-0},
 pages = {189--194},
 numpages = {6},
 url = {http://portal.acm.org/citation.cfm?id=1578021.1578634},
 doi = {10.1109/CBMI.2009.29},
 acmid = {1578634},
 publisher = {IEEE Computer Society},
 address = {Washington, DC, USA},
}


@article{DBLP:journals/pami/RevaudLB09,
  author    = {J{\'e}rome Revaud and
               et al},
  title     = {Improving {Z}ernike Moments Comparison for Optimal Similarity
               and Rotation Angle Retrieval},
  journal   = {IEEE Trans. Pattern Anal. Mach. Intell.},
  volume    = {31},
  number    = {4},
  year      = {2009},
  pages     = {627-636},
  ee        = {http://dx.doi.org/10.1109/TPAMI.2008.115},
  bibsource = {DBLP, http://dblp.uni-trier.de}
}

@article{DBLP:journals/tog/FisherHanrahan10,
  author    = {Matthew Fisher and Pat Hanrahan},
  title     = {Context-Based Search for {3D} Models},
  journal   = {ACM Trans. Graph.},
  volume    = {29},
  issue = {6},
  pages    = {182:1--182:10},
  year      = {2011},
}

	
  @ARTICLE{Khotanza:Zernike,
	AUTHOR = "A. Khotanzad and Y.H. Hong",
	TITLE = "Invariant Image Recognition by {Z}ernike Moments",
	JOURNAL = "IEEE Transactions on Pattern Analysis and Machine Intelligence",
	volume = {12},
	number = {5},	
	year = {1990},
	pages = {489--497},	
	}	
	
	@article{DBLP:journals/pami/RevaudLB09,
  author    = {J{\'e}rome Revaud and
               et al},
  title     = {Improving {Z}ernike Moments Comparison for Optimal Similarity
               and Rotation Angle Retrieval},
  journal   = {IEEE Trans. Pattern Anal. Mach. Intell.},
  volume    = {31},
  number    = {4},
  year      = {2009},
  pages     = {627-636},
  ee        = {http://dx.doi.org/10.1109/TPAMI.2008.115},
  bibsource = {DBLP, http://dblp.uni-trier.de}
}



@InProceedings{Rusu_ICRA2011_PCL,
  author    = {Radu Bogdan Rusu and Steve Cousins},
  title     = {{3D is here: Point Cloud Library (PCL)}},
  booktitle = {{IEEE International Conference on Robotics and Automation (ICRA)}},
  month     = {May 9-13},
  year      = {2011},
  address   = {Shanghai, China}
}

@article{DBLP:journals/prl/AdanMS11,
  author    = {Antonio Ad{\'a}n and
               et al},
  title     = {{3D} scene retrieval and recognition with Depth Gradient Images},
  journal   = {Pattern Recognition Letters},
  volume    = {32},
  number    = {9},
  year      = {2011},
  pages     = {1337-1353},
  ee        = {http://dx.doi.org/10.1016/j.patrec.2011.03.016},
  bibsource = {DBLP, http://dblp.uni-trier.de}
}

@inproceedings{DBLP:conf/bmvc/SatkinLH12,
  author    = {Scott Satkin and
               et al},
  title     = {Data-Driven Scene Understanding from {3D} Models},
  booktitle = {BMVC},
  year      = {2012},
  pages     = {1-11},
  ee        = {http://dx.doi.org/10.5244/C.26.128},
  %crossref  = {DBLP:conf/bmvc/2012},
  bibsource = {DBLP, http://dblp.uni-trier.de}
}

@proceedings{DBLP:conf/bmvc/2012,
  editor    = {Richard Bowden and
               John P. Collomosse and
               Krystian Mikolajczyk},
  title     = {British Machine Vision Conference, BMVC 2012, Surrey, UK,
               September 3-7, 2012},
  booktitle = {BMVC},
  publisher = {BMVA Press},
  year      = {2012},
  isbn      = {1-901725-46-4},
  bibsource = {DBLP, http://dblp.uni-trier.de}
}


@inproceedings{DBLP:conf/iccv/SongX13,
  author    = {Shuran Song and
               Jianxiong Xiao},
  title     = {Tracking Revisited Using RGBD Camera: Unified Benchmark
               and Baselines},
  booktitle = {ICCV},
  year      = {2013},
  pages     = {233-240},
  ee        = {http://dx.doi.org/10.1109/ICCV.2013.36},
  %crossref  = {DBLP:conf/iccv/2013},
  bibsource = {DBLP, http://dblp.uni-trier.de}
}

@proceedings{DBLP:conf/iccv/2013,
  title     = {IEEE International Conference on Computer Vision, ICCV 2013,
               Sydney, Australia, December 1-8, 2013},
  booktitle = {ICCV},
  publisher = {IEEE},
  year      = {2013},
  ee        = {http://ieeexplore.ieee.org/xpl/mostRecentIssue.jsp?punumber=6750807},
  bibsource = {DBLP, http://dblp.uni-trier.de}
}

@article{Fu:2011:ACL:2070781.2024167,
 author = {Fu, Hongbo and et al},
 title = {Animated Construction of Line Drawings},
 journal = {ACM Trans. Graph.},
 issue_date = {December 2011},
 volume = {30},
 number = {6},
 month = dec,
 year = {2011},
 issn = {0730-0301},
 pages = {133:1--133:10},
 articleno = {133},
 numpages = {10},
 url = {http://doi.acm.org/10.1145/2070781.2024167},
 doi = {10.1145/2070781.2024167},
 acmid = {2024167},
 publisher = {ACM},
 address = {New York, NY, USA},
 keywords = {animation, drawing analysis, line art, video scribing},
} 

@article{DBLP:journals/tog/FisherSH11,
  author    = {Matthew Fisher and
               et al},
  title     = {Characterizing structural relationships in scenes using
               graph kernels},
  journal   = {ACM Trans. Graph.},
  volume    = {30},
  number    = {4},
  year      = {2011},
  pages     = {34},
  ee        = {http://doi.acm.org/10.1145/2010324.1964929},
  bibsource = {DBLP, http://dblp.uni-trier.de}
}

@article{DBLP:journals/tog/XuCFSH13,
  author    = {Kun Xu and
               et al},
  title     = {{Sketch2Scene}: sketch-based co-retrieval and co-placement
               of {3D} models},
  journal   = {ACM Trans. Graph.},
  volume    = {32},
  number    = {4},
  year      = {2013},
  pages     = {123},
  ee        = {http://doi.acm.org/10.1145/2461912.2461968},
  bibsource = {DBLP, http://dblp.uni-trier.de}
}

@article {xu_sig14,
    title = {Organizing Heterogeneous Scene Collection through Contextual Focal Points},
    author = {Kai Xu and Rui Ma and Hao Zhang and Chenyang Zhu and Ariel Shamir and Daniel Cohen-Or and Hui Huang},
    journal = {ACM Transactions on Graphics, (Proc. of SIGGRAPH 2014)},
    volume = {33},
    number = {4},
    pages = {to appear},
    year = {2014}
}


%%%%%%Range Feature
@inproceedings{DBLP:conf/icra/RusuBB09,
  author    = {Radu Bogdan Rusu and
               Nico Blodow and
               Michael Beetz},
  title     = {Fast Point Feature Histograms ({FPFH}) for {3D} registration},
  booktitle = {ICRA},
  year      = {2009},
  pages     = {3212-3217},
  ee        = {http://dx.doi.org/10.1109/ROBOT.2009.5152473},
  %crossref  = {DBLP:conf/icra/2009},
  bibsource = {DBLP, http://dblp.uni-trier.de}
}

@proceedings{DBLP:conf/icra/2009,
  title     = {2009 IEEE International Conference on Robotics and Automation,
               ICRA 2009, Kobe, Japan, May 12-17, 2009},
  booktitle = {ICRA},
  publisher = {IEEE},
  year      = {2009},
  bibsource = {DBLP, http://dblp.uni-trier.de}
}


@conference {1261,
	title = {{NARF}: {3D} Range Image Features for Object Recognition},
	booktitle = {Workshop on Defining and Solving Realistic Perception Problems in Personal Robotics at the IEEE/RSJ Int. Conf. on Intelligent Robots and Systems (IROS)},
	year = {2010},
	month = {October 8, 2010},
	address = {Taipei, Taiwan},
	attachments = {http://www.willowgarage.com/sites/default/files/steder10irosws.pdf},
	author = {Bastian Steder and Radu Bogdan Rusu and Kurt Konolige and Wolfram Burgard}
}

@inproceedings{DBLP:conf/icra/StederRKB11,
  author    = {Bastian Steder and
               et al},
  title     = {Point feature extraction on {3D} range scans taking into account
               object boundaries},
  booktitle = {ICRA},
  year      = {2011},
  pages     = {2601-2608},
  ee        = {http://dx.doi.org/10.1109/ICRA.2011.5980187},
  %crossref  = {DBLP:conf/icra/2011},
  bibsource = {DBLP, http://dblp.uni-trier.de}
}

@proceedings{DBLP:conf/icra/2011,
  title     = {IEEE International Conference on Robotics and Automation,
               ICRA 2011, Shanghai, China, 9-13 May 2011},
  booktitle = {ICRA},
  publisher = {IEEE},
  year      = {2011},
  bibsource = {DBLP, http://dblp.uni-trier.de}
}

@inproceedings{DBLP:conf/icip/ShahBBE13,
  author    = {Syed Afaq Ali Shah and
               et al},
  title     = {{3D-Div}: A novel local surface descriptor for feature matching
               and pairwise range image registration},
  booktitle = {ICIP},
  year      = {2013},
  pages     = {2934-2938},
  ee        = {http://dx.doi.org/10.1109/ICIP.2013.6738604},
  %crossref  = {DBLP:conf/icip/2013},
  bibsource = {DBLP, http://dblp.uni-trier.de}
}

@proceedings{DBLP:conf/icip/2013,
  title     = {IEEE International Conference on Image Processing, ICIP
               2013, Melbourne, Australia, September 15-18, 2013},
  booktitle = {ICIP},
  publisher = {IEEE},
  year      = {2013},
  ee        = {http://ieeexplore.ieee.org/xpl/mostRecentIssue.jsp?punumber=6726158},
  bibsource = {DBLP, http://dblp.uni-trier.de}
}

@article{DBLP:journals/ijcv/GuoSBLW13,
  author    = {Yulan Guo and
               et al},
  title     = {Rotational Projection Statistics for {3D} Local Surface Description
               and Object Recognition},
  journal   = {International Journal of Computer Vision},
  volume    = {105},
  number    = {1},
  year      = {2013},
  pages     = {63-86},
  ee        = {http://dx.doi.org/10.1007/s11263-013-0627-y},
  bibsource = {DBLP, http://dblp.uni-trier.de}
}

@inproceedings{DBLP:conf/cvpr/JunejaVJZ13,
  author    = {Mayank Juneja and
               et al},
  title     = {Blocks That Shout: Distinctive Parts for Scene Classification},
  booktitle = {CVPR},
  year      = {2013},
  pages     = {923-930},
  ee        = {http://dx.doi.org/10.1109/CVPR.2013.124},
  %crossref  = {DBLP:conf/cvpr/2013},
  bibsource = {DBLP, http://dblp.uni-trier.de}
}

@proceedings{DBLP:conf/cvpr/2013,
  title     = {2013 IEEE Conference on Computer Vision and Pattern Recognition,
               Portland, OR, USA, June 23-28, 2013},
  booktitle = {CVPR},
  publisher = {IEEE},
  year      = {2013},
  ee        = {http://ieeexplore.ieee.org/xpl/mostRecentIssue.jsp?punumber=6596161},
  bibsource = {DBLP, http://dblp.uni-trier.de}
}

@inproceedings{DBLP:conf/iccv/ShtromLT13,
  author    = {Elizabeth Shtrom and
               et al},
  title     = {Saliency Detection in Large Point Sets},
  booktitle = {ICCV},
  year      = {2013},
  pages     = {3591-3598},
  ee        = {http://dx.doi.org/10.1109/ICCV.2013.446},
  %crossref  = {DBLP:conf/iccv/2013},
  bibsource = {DBLP, http://dblp.uni-trier.de}
}

@proceedings{DBLP:conf/iccv/2013,
  title     = {IEEE International Conference on Computer Vision, ICCV 2013,
               Sydney, Australia, December 1-8, 2013},
  booktitle = {ICCV},
  publisher = {IEEE},
  year      = {2013},
  ee        = {http://ieeexplore.ieee.org/xpl/mostRecentIssue.jsp?punumber=6750807},
  bibsource = {DBLP, http://dblp.uni-trier.de}
}

%%%%%%Range image processing
@inproceedings{DBLP:conf/ismar/NewcombeIHMKDKSHF11,
  author    = {Richard A. Newcombe and
               et al},
  title     = {KinectFusion: Real-time dense surface mapping and tracking},
  booktitle = {ISMAR},
  year      = {2011},
  pages     = {127-136},
  ee        = {http://dx.doi.org/10.1109/ISMAR.2011.6092378},
  %crossref  = {DBLP:conf/ismar/2011},
  bibsource = {DBLP, http://dblp.uni-trier.de}
}

@proceedings{DBLP:conf/ismar/2011,
  title     = {10th IEEE International Symposium on Mixed and Augmented
               Reality, ISMAR 2011, Basel, Switzerland, October 26-29,
               2011},
  booktitle = {ISMAR},
  publisher = {IEEE},
  year      = {2011},
  isbn      = {978-1-4577-2183-0},
  ee        = {http://ieeexplore.ieee.org/xpl/mostRecentIssue.jsp?punumber=6082471},
  bibsource = {DBLP, http://dblp.uni-trier.de}
}

%%3D scene datasets:
@inproceedings{DBLP:conf/icra/LaiBRF11,
  author    = {Kevin Lai and
               et al},
  title     = {A large-scale hierarchical multi-view {RGB-D} object dataset},
  booktitle = {ICRA},
  year      = {2011},
  pages     = {1817-1824},
  ee        = {http://dx.doi.org/10.1109/ICRA.2011.5980382},
  %crossref  = {DBLP:conf/icra/2011},
  bibsource = {DBLP, http://dblp.uni-trier.de}
}

@proceedings{DBLP:conf/icra/2011,
  title     = {IEEE International Conference on Robotics and Automation,
               ICRA 2011, Shanghai, China, 9-13 May 2011},
  booktitle = {ICRA},
  publisher = {IEEE},
  year      = {2011},
  bibsource = {DBLP, http://dblp.uni-trier.de}
}

@incollection{RGBDLAI,
year={2013},
isbn={978-1-4471-4639-1},
booktitle={Consumer Depth Cameras for Computer Vision},
series={Advances in Computer Vision and Pattern Recognition},
editor={Fossati, Andrea and Gall, Juergen and Grabner, Helmut and Ren, Xiaofeng and Konolige, Kurt},
doi={10.1007/978-1-4471-4640-7_9},
title={{RGB-D} Object Recognition: Features, Algorithms, and a Large Scale Benchmark},
url={http://dx.doi.org/10.1007/978-1-4471-4640-7_9},
publisher={Springer London},
author={Lai, Kevin and Bo, Liefeng and Ren, Xiaofeng and Fox, Dieter},
pages={167-192},
language={English}
}

@inproceedings{DBLP:conf/iccv/XiaoOT13,
  author    = {Jianxiong Xiao and
               et al},
  title     = {{SUN3D}: A Database of Big Spaces Reconstructed Using {SfM}
               and Object Labels},
  booktitle = {ICCV},
  year      = {2013},
  pages     = {1625-1632},
  ee        = {http://dx.doi.org/10.1109/ICCV.2013.458},
  %crossref  = {DBLP:conf/iccv/2013},
  bibsource = {DBLP, http://dblp.uni-trier.de}
}

@proceedings{DBLP:conf/iccv/2013,
  title     = {IEEE International Conference on Computer Vision, ICCV 2013,
               Sydney, Australia, December 1-8, 2013},
  booktitle = {ICCV},
  publisher = {IEEE},
  year      = {2013},
  ee        = {http://ieeexplore.ieee.org/xpl/mostRecentIssue.jsp?punumber=6750807},
  bibsource = {DBLP, http://dblp.uni-trier.de}
}


@misc{wiki:AvatarFlightofPassage,
    author = "Wikipedia",
    title = "Avatar Flight of Passage",
    year = "2018",
    Howpublished = "\url{http://en.wikipedia.org/wiki/Avatar_Flight_of_Passage}",
  }


@misc{DisneyWorldAnimalKingdom,
  author= "WDW Attractions",
	title= "NEW RIDE!!!! {Disney} World Animal Kingdom: Avatar Flight of Passage Ride Video 4K HD VIDEO (POV)",
	Howpublished={\url{http://www.youtube.com/watch?v=f-cw7iCUY3c}},	
	year={2018},
}

@misc{Pre-showinPandora,
  author= "Inside the Magic",
	title= "NEW Flight of Passage ride queue, pre-show in Pandora - The World of Avatar at Walt {Disney} World",
	Howpublished={\url{http://www.youtube.com/watch?v=eM8f47Igtu8}},	
	year={2018},
}



@misc{Renault,
    author= "Renault",
    title= "{Renault SYMBOIZ Concept}",
    Howpublished= "\url{http://www.renault.co.uk/vehicles/concept-cars/symbioz-concept.html}"
}

@misc{Youtube,
    author= "Linus Tech Tips",
    title= "Driving a Multi-million Dollar Autonomous Car",
    Howpublished= "\url{http://www.youtube.com/watch?v=vlIJfV1u2hM\&feature=youtu.be}"
}

@inproceedings{DBLP:conf/3dor/YuanLL18,
  author    = {Juefei Yuan and et al},
  title     = {{SHREC}'18 Track: {2D} Scene Sketch-Based {3D} Scene Retrieval},
  booktitle = {3DOR},
  year      = {2018},
	pages     ={29--36}
}


@inproceedings{DBLP:conf/3dor/AbdulJLL18,
  author    = {Hameed Abdul-Rashid and et al.},
  title     = {{SHREC}'18 Track: {2D} Image-Based {3D} Scene Retrieval},
  booktitle = {3DOR},
  year      = {2018},
	pages     ={37-44}
}


@misc{SHREC18-SceneIBR-Track,
    author= "Hameed Abdul-Rashid and Juefei Yuan and  Bo Li and Yijuan Lu",
    title= "{{SHREC}'18 {2D} Scene Image-Based {3D} Scene Retrieval Track Website}",
    Howpublished="\url{http://orca.st.usm.edu/~bli/SceneIBR2018/}",
    year={2018},
}

@misc{SHREC18-SceneSBR-Track,
    author    = "Juefei Yuan and Bo Li and Yijuan Lu",
    title     = "{{SHREC}'18 {2D} Scene Sketch-Based {3D} Scene Retrieval Track Website}",
    Howpublished={\url{http://orca.st.usm.edu/~bli/SceneSBR2018/}},
    year={2018},
}

@article{DBLP:journals/corr/SimonyanZ14a,
  author    = {Karen Simonyan and
               Andrew Zisserman},
  title     = {Very Deep Convolutional Networks for Large-Scale Image Recognition},
  journal   = {CoRR},
  volume    = {abs/1409.1556},
  year      = {2014}
}



@inproceedings{Ye:2016:HSS:2911996.2912067,
 author = {Ye, Yuxiang and et al},
 title = {Human's Scene Sketch Understanding},
 booktitle = {ICMR '16},
 year = {2016},
 pages = {355--358},
 numpages = {4}
}

@misc{3DWarehouse,
  author= "",
  title = "3{D} {W}arehouse",
	Howpublished={\url{http://3dwarehouse.sketchup.com/?hl=en}},	
	year={2018},
}

@inproceedings{DBLP:conf/cvpr/DengDSLL009,
  author    = {Jia Deng and
               et al},
  title     = {{ImageNet}: A large-scale hierarchical image database},
  booktitle = {CVPR},
  pages     = {248--255},
  year      = {2009}
}

@inproceedings{xu2016data,
  title={Data-driven shape analysis and processing},
  author={Xu, Kai and Kim, Vladimir G and Huang, Qixing and Mitra, Niloy and Kalogerakis, Evangelos},
  booktitle={SIGGRAPH ASIA 2016 Courses},
  pages={4},
  year={2016},
  organization={ACM}
}

@article{DBLP:journals/cviu/LiLLGSABCCFFFLLJKKOTWZZ15,
  author    = {Bo Li and et al},
  title     = {A comparison of {3D} shape retrieval methods based on a large-scale
               benchmark supporting multimodal queries},
  journal   = {Computer Vision and Image Understanding},
  volume    = {131},
  pages     = {1--27},
  year      = {2015},
  url       = {https://doi.org/10.1016/j.cviu.2014.10.006},
  doi       = {10.1016/j.cviu.2014.10.006},
  timestamp = {Mon, 05 Jun 2017 20:49:47 +0200},
  biburl    = {http://dblp.uni-trier.de/rec/bib/journals/cviu/LiLLGSABCCFFFLLJKKOTWZZ15},
  bibsource = {dblp computer science bibliography, http://dblp.org}
}

 @article{zhou2017places,
 	title={Places: a 10 million Image Database for Scene Recognition},
 	author={Zhou, Bolei and Lapedriza, Agata and Khosla, Aditya and Oliva, Aude and Torralba, Antonio},
 	journal={IEEE Trans. on PAMI},
 	year={2017},
 	publisher={IEEE}
 }

@inproceedings{DBLP:conf/cvpr/XiaoHEOT10,
  author    = {Jianxiong Xiao and
               et al},
  title     = {{SUN} database: Large-scale scene recognition from abbey to zoo},
  booktitle = {{CVPR}},
  pages     = {3485--3492},
  publisher = {{IEEE} Computer Society},
  year      = {2010}
}

@article{DBLP:journals/tog/EitzHA12,
  author    = {Mathias Eitz and
               et al},
  title     = {How do humans sketch objects?},
  journal   = {{ACM} Trans. Graph.},
  volume    = {31},
  number    = {4},
  pages     = {44:1--44:10},
  year      = {2012},
}


@inproceedings{DBLP:conf/icpr/Ye0L16,
  author    = {Yuxiang Ye and et al},
  title     = {{3D} sketch-based {3D} model retrieval with convolutional neural network},
  booktitle = {23rd International Conference on Pattern Recognition, {ICPR} 2016,
               Canc{\'{u}}n, Mexico, December 4-8, 2016},
  pages     = {2936--2941},
  year      = {2016},
  crossref  = {DBLP:conf/icpr/2016},
  url       = {https://doi.org/10.1109/ICPR.2016.7900083},
  doi       = {10.1109/ICPR.2016.7900083},
  timestamp = {Wed, 24 May 2017 08:30:47 +0200},
  biburl    = {https://dblp.org/rec/bib/conf/icpr/Ye0L16},
  bibsource = {dblp computer science bibliography, https://dblp.org}
}

@proceedings{DBLP:conf/icpr/2016,
  title     = {23rd International Conference on Pattern Recognition, {ICPR} 2016,
               Canc{\'{u}}n, Mexico, December 4-8, 2016},
  publisher = {{IEEE}},
  year      = {2016},
  url       = {http://ieeexplore.ieee.org/xpl/mostRecentIssue.jsp?punumber=7893644},
  isbn      = {978-1-5090-4847-2},
  timestamp = {Tue, 25 Apr 2017 15:19:18 +0200},
  biburl    = {https://dblp.org/rec/bib/conf/icpr/2016},
  bibsource = {dblp computer science bibliography, https://dblp.org}
}

@article{DBLP:journals/pami/ZhouLKO018,
  author    = {Bolei Zhou and
               et al},
  title     = {Places: {A} 10 Million Image Database for Scene Recognition},
  journal   = {{IEEE} Trans. Pattern Anal. Mach. Intell.},
  volume    = {40},
  number    = {6},
  pages     = {1452--1464},
  year      = {2018}
}


@article{DBLP:journals/ijcv/XiaoEHTO16,
  author    = {Jianxiong Xiao and
               et al},
  title     = {{SUN} Database: Exploring a Large Collection of Scene Categories},
  journal   = {International Journal of Computer Vision},
  volume    = {119},
  number    = {1},
  pages     = {3--22},
  year      = {2016},
  doi       = {10.1007/s11263-014-0748-y},
  timestamp = {Thu, 13 Jul 2017 11:49:40 +0200},
  biburl    = {https://dblp.org/rec/bib/journals/ijcv/XiaoEHTO16},
  bibsource = {dblp computer science bibliography, https://dblp.org}
}


@inproceedings{DBLP:conf/cvpr/SongYZCSF17,
  author    = {Shuran Song and et al},
  title     = {Semantic Scene Completion from a Single Depth Image},
  booktitle = {{CVPR}},
  pages     = {190--198},
  publisher = {{IEEE} Computer Society},
  year      = {2017}
}
