@article{Kingma2014a,
    title = {{Semi-Supervised Learning with Deep Generative Models}},
    year = {2014},
    author = {Kingma, Diederik P. and Rezende, Danilo J. and Mohamed, Shakir and Welling, Max},
    pages = {1--9},
    isbn = {9783037853863},
    issn = {10495258},
    pmid = {1092215},
    arxivId = {1406.5298}
}

@misc{gkallia2017keras_places365,
	title={Keras-VGG16-Places365},
	author={Grigorios Kalliatakis},
	year={2017},
	publisher={GitHub},
	howpublished={\url{https://github.com/GKalliatakis/Keras-VGG16-places365}},
}

@inproceedings{Su2015,
	title = {{Multi-view Convolutional Neural Networks for 3D Shape Recognition}},
	year = {2015},
	booktitle = {2015 IEEE International Conference on Computer Vision (ICCV)},
	author = {Su, Hang and Maji, Subhransu and Kalogerakis, Evangelos and Learned-Miller, Erik},
	month = {12},
	pages = {945--953},
	volume = {2015 Inter},
	publisher = {IEEE},
	isbn = {978-1-4673-8391-2},
	doi = {10.1109/ICCV.2015.114},
	issn = {15505499},
	pmid = {7410471},
	arxivId = {1505.00880}
}

@article{Zhou2018,
	title = {{Places: A 10 Million Image Database for Scene Recognition}},
	year = {2018},
	journal = {IEEE Transactions on Pattern Analysis and Machine Intelligence},
	author = {Zhou, Bolei and Lapedriza, Agata and Khosla, Aditya and Oliva, Aude and Torralba, Antonio},
	number = {6},
	pages = {1452--1464},
	volume = {40},
	publisher = {IEEE},
	doi = {10.1109/TPAMI.2017.2723009},
	issn = {01628828},
	pmid = {28692961},
	keywords = {Scene classification, deep feature, deep learning, image dataset, visual recognition}
}