@inproceedings{MIPR,
  author    = {Juefei Yuan and
               et al},
  title     = { Sketch/Image-Based 3D Scene Retrieval: Benchmark, Algorithm, Evaluation},
  booktitle = {{MIPR}},
  publisher = {IEEE},
  year      = {2019}
}

@misc{SHREC18-SceneIBR-Track, 
    author= "Hameed Abdul-Rashid and Juefei Yuan and  Bo Li and Yijuan Lu", 
    title= "{{SHREC}'18 {2D} Scene Image-Based {3D} Scene Retrieval Track Website}", 
    Howpublished="\url{http://orca.st.usm.edu/~bli/SceneIBR2018/}", 
    year={2018}, 
}

@article{zhou2017places,
        title={Places: a 10 million Image Database for Scene Recognition},
        author={Zhou, Bolei and Lapedriza, Agata and Khosla, Aditya and Oliva, Aude and Torralba, Antonio},
        journal={IEEE Trans. on PAMI},
        year={2017},
        publisher={IEEE}
 }
 

@inproceedings{SUN,
  author    = {Jianxiong Xiao and
               et al},
  title     = {{SUN} database: Large-scale scene recognition from abbey to zoo},
  booktitle = {{CVPR}},
  pages     = {3485--3492},
  publisher = {{IEEE} Computer Society},
  year      = {2010}
}

@inproceedings{ImageNet,
  author    = {Jia Deng and
               et al},
  title     = {{ImageNet}: A large-scale hierarchical image database},
  booktitle = {CVPR},
  pages     = {248--255},
  year      = {2009}
}

@article{3DShapeRetrieval,
  author    = {Bo Li and et al},
  title     = {A comparison of {3D} shape retrieval methods based on a large-scale
               benchmark supporting multimodal queries},
  journal   = {Computer Vision and Image Understanding},
  volume    = {131},
  pages     = {1--27},
  year      = {2015},
  url       = {https://doi.org/10.1016/j.cviu.2014.10.006},
  doi       = {10.1016/j.cviu.2014.10.006},
  timestamp = {Mon, 05 Jun 2017 20:49:47 +0200},
  biburl    = {http://dblp.uni-trier.de/rec/bib/journals/cviu/LiLLGSABCCFFFLLJKKOTWZZ15},
  bibsource = {dblp computer science bibliography, http://dblp.org}
}

@misc{Youtube,
    author= "Linus Tech Tips",
    title= "Driving a Multi-million Dollar Autonomous Car",
    Howpublished= "\url{http://www.youtube.com/watch?v=vlIJfV1u2hM\&feature=youtu.be}"
}

@misc{Renault,
    author= "Renault",
    title= "{Renault SYMBOIZ Concept}",
    Howpublished= "\url{http://www.renault.co.uk/vehicles/concept-cars/symbioz-concept.html}"
}

@misc{3DWarehouse,
  author= "Google",
  title = "3{D} {W}arehouse",
        Howpublished={\url{http://3dwarehouse.sketchup.com/?hl=en}},
        year={2018},
}


@misc{Flickr,
	author= "Flickr",
	title = "Flickr",
	Howpublished={\url{https://www.flickr.com/}},
	year={2018},
}

@misc{GoogleImages,
	author= "Google",
	title = "Google Images",
	Howpublished={\url{https://www.google.com/imghp?hl=EN}},
	year={2018},
}

@article{CIVU,
	title={A comparison of 3D shape retrieval methods based on a large-scale benchmark supporting multimodal queries},
	author={Li, Bo and Lu, Yijuan and Li, Chunyuan and Godil, Afzal and Schreck, Tobias and Aono, Masaki and Burtscher, Martin and Chen, Qiang and Chowdhury, Nihad Karim and Fang, Bin and others},
	journal={Computer Vision and Image Understanding},
	volume={131},
	pages={1--27},
	year={2015},
	publisher={Elsevier}
}

@article{Kingma2014a,
	title = {{Semi-Supervised Learning with Deep Generative Models}},
	year = {2014},
	author = {Kingma, Diederik P. and Rezende, Danilo J. and Mohamed, Shakir and Welling, Max},
	pages = {1--9},
	isbn = {9783037853863},
	issn = {10495258},
	pmid = {1092215},
	arxivId = {1406.5298}
}

@misc{gkallia2017keras_places365,
	title={Keras-VGG16-Places365},
	author={Grigorios Kalliatakis},
	year={2017},
	publisher={GitHub},
	howpublished={\url{https://github.com/GKalliatakis/Keras-VGG16-places365}},
}

@inproceedings{Su2015,
	title = {{Multi-view Convolutional Neural Networks for 3D Shape Recognition}},
	year = {2015},
	booktitle = {2015 IEEE International Conference on Computer Vision (ICCV)},
	author = {Su, Hang and Maji, Subhransu and Kalogerakis, Evangelos and Learned-Miller, Erik},
	month = {12},
	pages = {945--953},
	volume = {2015 Inter},
	publisher = {IEEE},
	isbn = {978-1-4673-8391-2},
	doi = {10.1109/ICCV.2015.114},
	issn = {15505499},
	pmid = {7410471},
	arxivId = {1505.00880}
}

@article{Places88,
	title = {{Places: A 10 Million Image Database for Scene Recognition}},
	year = {2018},
	journal = {IEEE Transactions on Pattern Analysis and Machine Intelligence},
	author = {Zhou, Bolei and Lapedriza, Agata and Khosla, Aditya and Oliva, Aude and Torralba, Antonio},
	number = {6},
	pages = {1452--1464},
	volume = {40},
	publisher = {IEEE},
	doi = {10.1109/TPAMI.2017.2723009},
	issn = {01628828},
	pmid = {28692961},
	keywords = {Scene classification, deep feature, deep learning, image dataset, visual recognition}
}

@article{kingma2013auto,
	title={Auto-encoding variational bayes},
	author={Kingma, Diederik P and Welling, Max},
	journal={arXiv preprint arXiv:1312.6114},
	year={2013}
}

@inproceedings{3DICPR,
	title={3D sketch-based 3D model retrieval with convolutional neural network},
	author={Ye, Yuxiang and Li, Bo and Lu, Yijuan},
	booktitle={2016 23rd International Conference on Pattern Recognition (ICPR)},
	pages={2936--2941},
	year={2016},
	organization={IEEE}
}
